<?xml version="1.0" encoding="UTF-8"?><collection xmlns="http://www.loc.gov/MARC21/slim"><record><leader>00453nam--2200169-i-4500</leader><controlfield tag="001">000005774</controlfield><controlfield tag="002">20161230</controlfield><controlfield tag="005">20161230201026</controlfield><controlfield tag="008">060222s1000------------r-----000-0-ita-d</controlfield><datafield ind1=" " ind2=" " tag="080"><subfield code="a">53:62</subfield></datafield><datafield ind1="1" ind2=" " tag="100"><subfield code="a">Bordoni, Ugo</subfield></datafield><datafield ind1="1" ind2="0" tag="245"><subfield code="a">Fondamenti di fisica tecnica. volume primo</subfield><subfield code="c">Ugo bordoni</subfield></datafield><datafield ind1=" " ind2=" " tag="250"><subfield code="a">Terza Edizione</subfield></datafield><datafield ind1=" " ind2=" " tag="260"><subfield code="a">Bologna</subfield><subfield code="b">Nicola Zanichelli Editore</subfield><subfield code="c">1950</subfield></datafield><datafield ind1=" " ind2=" " tag="300"><subfield code="a">VIII + 399 P</subfield></datafield><datafield ind1=" " ind2=" " tag="852"><subfield code="a">17085</subfield><subfield code="c">53</subfield></datafield><datafield ind1=" " ind2=" " tag="CAT"><subfield code="a">Sys</subfield><subfield code="c">20150217</subfield><subfield code="h">182214</subfield></datafield></record></collection>